@misc{apa6,
       author = "{The University of Sydney}",
       title = "{APA} Referencing Style (6th Edition)",
       year = "2022",
       note = "See \url{https://libguides.library.usyd.edu.au/ld.php?content\_id=47913440}"}

@misc{SDM,
    author = "{Indeed Editorial Team}",
    title = "12 Software Developer Skills To Learn (With Examples)",
    year = "2021",
    note = "See \url{https://www.indeed.com/career-advice/career-development/software-developer-skills}"}

@misc{Git-IDE-SQL,
author = "{javinpaul}",
title = "11 Essential Skills to become Software Developer in 2022",
year = "2020",
note = "See \url{https://medium.com/javarevisited/11-essential-skills-to-become-software-developer-in-2020-c617e293e90e}"}
