@misc{apa6,
       author = "{The University of Sydney}",
       title = "{APA} Referencing Style (6th Edition)",
       year = "2022",
       note = "See \url{https://libguides.library.usyd.edu.au/ld.php?content\_id=47913440}"}

% suz - code work
@misc{SDM,
    author = "{Indeed Editorial Team}",
    title = "12 Software Developer Skills To Learn (With Examples)",
    year = "2021",
    note = "See \url{https://www.indeed.com/career-advice/career-development/software-developer-skills}"}
<<<<<<< HEAD
=======

@misc{intext1,
	author = "Rong Yang & Robert Crawford",
	title = "A FOCUS PROGRAM FOR DATA STRUCTURES AND ALGORITHM DESIGN",
	year = "2008",
	note = "See \url{https://dl-acm-org.ezproxy.library.sydney.edu.au/doi/pdf/10.5555/1409823.1409845}"}

@misc{intext2,
	author = "Augenstein, M., & Tenenbaum, A.",
	title = "Program efficiency and data structures",
	year = "1977",
	note = "See \url{https://doi.org/10.1145/800106.803426}"}
>>>>>>> b42ee75c17a148f6b06402afb4a0bc8d4ff5e67d
